<record><leader>00000cas a2200000 a 4500</leader><controlfield tag="001">19494291</controlfield><controlfield tag="008">890404d18361837nyuwr ne      0   a0eng c</controlfield><datafield ind1=" " ind2=" " tag="010"><subfield code="a">sn 89029574 </subfield></datafield><datafield ind1=" " ind2=" " tag="040"><subfield code="a">IUL</subfield><subfield code="b">eng</subfield><subfield code="c">IUL</subfield><subfield code="d">KNP</subfield><subfield code="d">MGN</subfield><subfield code="d">DLC</subfield><subfield code="d">OBN</subfield><subfield code="d">OCL</subfield><subfield code="d">CVF</subfield><subfield code="d">NYS</subfield><subfield code="d">DLC</subfield><subfield code="d">KRTAS</subfield><subfield code="d">OCLCQ</subfield><subfield code="d">OCLCF</subfield><subfield code="d">OCLCO</subfield><subfield code="d">HMM</subfield><subfield code="d">DLC</subfield></datafield><datafield ind1="0" ind2=" " tag="022"><subfield code="a">2575-4106</subfield><subfield code="2">1</subfield></datafield><datafield ind1=" " ind2=" " tag="042"><subfield code="a">pcc</subfield><subfield code="a">nsdp</subfield></datafield><datafield ind1=" " ind2=" " tag="043"><subfield code="a">n-us-ny</subfield></datafield><datafield ind1="0" ind2="0" tag="050"><subfield code="a">Newspaper</subfield></datafield><datafield ind1=" " ind2="4" tag="222"><subfield code="a">The Ithaca herald</subfield></datafield><datafield ind1="0" ind2="4" tag="245"><subfield code="a">The Ithaca herald.</subfield></datafield><datafield ind1=" " ind2=" " tag="260"><subfield code="a">Ithaca, Tompkins County, N.Y. :</subfield><subfield code="b">G.G. Freer,</subfield><subfield code="c">1836-1837.</subfield></datafield><datafield ind1=" " ind2=" " tag="300"><subfield code="a">2 v.</subfield></datafield><datafield ind1=" " ind2=" " tag="310"><subfield code="a">Weekly</subfield></datafield><datafield ind1="0" ind2=" " tag="362"><subfield code="a">Vol. 1, no. 1 (Aug. 31, 1836)-v. 2, no. 6 (Oct. 4, 1837).</subfield></datafield><datafield ind1=" " ind2=" " tag="530"><subfield code="a">Available on microfilm from Readex Microprint Corp.</subfield></datafield><datafield ind1=" " ind2="0" tag="651"><subfield code="a">Ithaca (N.Y.)</subfield><subfield code="v">Newspapers.</subfield></datafield><datafield ind1=" " ind2="0" tag="651"><subfield code="a">Tompkins County (N.Y.)</subfield><subfield code="v">Newspapers.</subfield></datafield><datafield ind1=" " ind2="7" tag="651"><subfield code="a">New York (State)</subfield><subfield code="z">Ithaca.</subfield><subfield code="2">fast</subfield><subfield code="0">(OCoLC)fst01205507</subfield></datafield><datafield ind1=" " ind2="7" tag="651"><subfield code="a">New York (State)</subfield><subfield code="z">Tompkins County.</subfield><subfield code="2">fast</subfield><subfield code="0">(OCoLC)fst01207029</subfield></datafield><datafield ind1=" " ind2="7" tag="655"><subfield code="a">Newspapers.</subfield><subfield code="2">fast</subfield><subfield code="0">(OCoLC)fst01423814</subfield></datafield><datafield ind1=" " ind2=" " tag="752"><subfield code="a">United States</subfield><subfield code="b">New York</subfield><subfield code="c">Tompkins</subfield><subfield code="d">Ithaca.</subfield></datafield><datafield ind1="0" ind2="4" tag="785"><subfield code="t">Ithaca journal &amp; general advertiser</subfield><subfield code="x">2576-0416</subfield><subfield code="w">(DLC)sn 83031162</subfield><subfield code="w">(OCoLC)9802593</subfield></datafield><datafield ind1=" " ind2=" " tag="938"><subfield code="a">Kirtas Technologies, Inc.</subfield><subfield code="b">KRTS</subfield><subfield code="n">740264</subfield></datafield></record>